<?xml version="1.0" encoding="UTF-8"?><collection xmlns="http://www.loc.gov/MARC21/slim"><record><leader>00571nam--2200205-i-4500</leader><controlfield tag="001">000019663</controlfield><controlfield tag="002">20161230</controlfield><controlfield tag="005">20161230201033</controlfield><controlfield tag="008">060222s1000------------r-----000-0-rum-d</controlfield><datafield ind1=" " ind2=" " tag="040"><subfield code="a">IFIN-HH</subfield></datafield><datafield ind1=" " ind2=" " tag="041"><subfield code="a">rum</subfield></datafield><datafield ind1=" " ind2=" " tag="080"><subfield code="a">539.19(076.1)</subfield></datafield><datafield ind1="1" ind2=" " tag="100"><subfield code="a">Plavitu, C</subfield></datafield><datafield ind1="1" ind2="0" tag="245"><subfield code="a">Fizica moleculara</subfield><subfield code="b">Probleme</subfield><subfield code="c">C. plavitu, i. petrea, a. hristev, l. georgescu, d. borsan, v.dima</subfield></datafield><datafield ind1=" " ind2=" " tag="250"><subfield code="a">Editia A-ii-a</subfield></datafield><datafield ind1=" " ind2=" " tag="260"><subfield code="a">Bucuresti</subfield><subfield code="b">Editura Didactica Si Pedagogica</subfield><subfield code="c">1977</subfield></datafield><datafield ind1=" " ind2=" " tag="300"><subfield code="a">291 P</subfield></datafield><datafield ind1="1" ind2=" " tag="700"><subfield code="a">Dima, V</subfield></datafield><datafield ind1=" " ind2=" " tag="852"><subfield code="a">44695</subfield><subfield code="c">539.19</subfield></datafield><datafield ind1=" " ind2=" " tag="CAT"><subfield code="a">Sys</subfield><subfield code="c">20120716</subfield><subfield code="h">125213</subfield></datafield></record></collection>